@INPROCEEDINGS{original_paper,
  AUTHOR = {Hsieh, Jun-Ting and Zhao, Shengjia and Eismann, Stephan and Mirabella, Lucia and Ermon, Stefano},
  URL = {https://openreview.net/forum?id=rklaWn0qK7},
  BOOKTITLE = {International Conference on Learning Representations},
  DATE = {2019},
  TITLE = {Learning Neural {PDE} Solvers with Convergence Guarantees},
}

@ARTICLE{optimizer,
  AUTHOR = {Zeiler, Mathew D.},
  URL = {https://arxiv.org/pdf/1212.5701.pdf},
  DATE = {2012},
  TITLE = {ADADELTA: An Adaptive Learning Rate Method},
}

@BOOK{elliptic,
  AUTHOR = {Gilbarg, David and Trudinger, Neil},
  PUBLISHER = {Springer},
  URL = {https://www.jstor.org/stable/2132758},
  DATE = {2001},
  TITLE = {Elliptic Partial Differential Equations of Second Order},
}

@BOOK{finitedif,
  AUTHOR = {Thomas, J.W.},
  PUBLISHER = {Springer},
  URL = {https://www.springer.com/book/9780387979991},
  DATE = {1995},
  TITLE = {Numeric Partial Differential Equations: Finite Difference Methods},
}

@BOOK{leveque,
  AUTHOR = {LeVeque, Randall},
  DATE = {2007},
  TITLE = {Finite Difference Methods for Ordinary and Partial Differential Equations: Steady-state and Time-dependent Problems},
}

@ARTICLE{adadelta_ref,
  AUTHOR = {Zeiler, Matthew D.},
  URL = {http://arxiv.org/abs/1212.5701},
  DATE = {2012},
  EPRINT = {1212.5701},
  EPRINTTYPE = {arXiv},
  JOURNALTITLE = {CoRR},
  TITLE = {{ADADELTA:} An Adaptive Learning Rate Method},
  VOLUME = {abs/1212.5701},
}

