\usepackage{natbib}
@inproceedings{
original_paper,
title={Learning Neural {PDE} Solvers with Convergence Guarantees},
author={Jun-Ting Hsieh and Shengjia Zhao and Stephan Eismann and Lucia Mirabella and Stefano Ermon},
booktitle={International Conference on Learning Representations},
year={2019},
url={https://openreview.net/forum?id=rklaWn0qK7},
}

@article{    
optimizer,    
title = {ADADELTA: An Adaptive Learning Rate Method},
author={Zeiler, Mathew D.},    
year={2012},    
url={https://arxiv.org/pdf/1212.5701.pdf}   
}

@book{    
elliptic,    
title = {Elliptic Partial Differential Equations of Second Order},
author={Gilbarg, David and Trudinger,Neil},  
publisher = {Springer},
year={2001},    
url={https://www.jstor.org/stable/2132758}   
}

@book{    
finitedif,    
title = {Numeric Partial Differential Equations: Finite Difference Methods},
author={Thomas, J.W.},  
publisher = {Springer},
year={1995},    
url={https://www.springer.com/book/9780387979991}   
}

@book{    
leveque,    
title = {Finite Difference Methods for Ordinary and Partial Differential Equations: Steady-state and Time-dependent Problems},    
author={LeVeque, Randall},    
year= {2007}
}


@article{adadelta_ref,
  author    = {Matthew D. Zeiler},
  title     = {{ADADELTA:} An Adaptive Learning Rate Method},
  journal   = {CoRR},
  volume    = {abs/1212.5701},
  year      = {2012},
  url       = {http://arxiv.org/abs/1212.5701},
  archivePrefix = {arXiv},
  eprint    = {1212.5701},
  timestamp = {Mon, 13 Aug 2018 16:45:57 +0200},
  biburl    = {https://dblp.org/rec/bib/journals/corr/abs-1212-5701},
  bibsource = {dblp computer science bibliography, https://dblp.org}
}